@Book{gates:03,
  author = 	 {Bill Gates},
  title = 	 {Um Livro Muito Bom},
  publisher = 	 {Editora X},
  year = 	 {2003},
  address = 	 {local}
}

@article{mulzer2008minimum,
  title={Minimum-weight triangulation is {NP}-hard},
  author={Mulzer, Wolfgang and Rote, G{\"u}nter},
  journal={Journal of the ACM (JACM)},
  volume={55},
  number={2},
  pages={11},
  year={2008},
  publisher={ACM}
}


@article{smith:02,
   author={Smith, S. and Jones, J.},
   title={ A paper on Operations Research},
   journal={Pesquisa Operacional},
   volume={32},
   year=2002,
   pages={5-44}
}

@techreport{silva:99,
  author = {Silva, A. B. and Souza, C. D. and Santos, E. F.},
  title = {T\'\i tulo de um relat\'orio t\'ecnico},
  institution = {Universidade Z},
  year = {1999},
  number = {4},
  type = { Relat\'orios de Pesquisa em Engenharia de Produ\c c\~ao}
}
 
@InCollection{pele:04,
  author = 	 {Pel\'e, E. N. and  Rom\'ario, R. R.},
  title = 	 {Exemplo de artigo em livro, em Windows, P. T. e Linux, V. G. (Eds.)},
  booktitle = 	 {Colet\^anea de Artigos},
  publisher =    {Editora Y},
  year = 	 {2004},
  editor = 	 {CBF and FIFA}
}

@inproceedings{anna:06,
   author={Anna, A.},
   year={2006},
   title={Artigo em confer\^encia},
   booktitle={Anais do XXVIII SBPO},
   pages={123-134},
   publisher={SOBRAPO},
   address={Rio de Janeiro}
}

@misc{web:16,
  author = {Doe, Paul}, 
  title = {Web Page},
  howpublished = "\url{http://aiweb.techfak.uni-bielefeld.de/content/bworld-robot-control-software/}",
 year = {2016},
  note = {Acessado: 2016-01-02},
}


@Article{mathew2016,
  Title                    = {VPG and EPG bend-numbers of Halin Graphs},
  Author                   = {Mathew C. Francis and Abhiruk Lahiri},
  Journal                  = {Discrete Applied Mathematics},
  Year                     = {2016},

  Owner                    = {lac},
  Timestamp                = {2017.08.21}
}

%-----------------------------------
%-----------------------------------
@Article{golumbic2009,
  Title                    = {Edge intersection graphs of single bend paths on a grid},
  Author                   = {Martin Charles Golumbic and Marina Lipshteyn and  Michal Stern},
  Journal                  = {Networks},
  Year                     = {2009},
  Volume                   = {54},
  pages					   = {130-138},		
  Owner                    = {lac},
  Timestamp                = {2017.08.21}
}

%-----------------------------------
@Article{daniel2014b,
  Title                    = {On the bend-number of planar and outerplanar graphs},
  Author                   = {Daniel Heldt and Kolja Knauer and Torsten Ueckerdt},
  Journal                  = {Discrete Applied Mathematics},
  Year                     = {2014},
  Pages                    = {109-119},
  Volume                   = {179},

  Owner                    = {lac},
  Timestamp                = {2017.08.21}
}
%-----------------------------------
@Article{biedl2010,
  Title                    = {On edge-intersection graphs of k-bend paths in grids},
  Author                   = {Therese Biedl and Michal Stern},
  Journal                  = {Discrete Math},
  Year                     = {2010},
  Pages                    = {1-12},
  Volume                   = {12:1},

  Owner                    = {lac},
  Timestamp                = {2017.08.21}
}
%-----------------------------------
@Article{ries2009,
  Title                    = {Some properties of edge intersection graphs of single bend paths on a grid},
  Author                   = {Bernard Ries},
  Journal                  = {Electronic Notes in Discrete Mathematics},
  Year                     = {2009},
  Pages                    = {29-33},
  Volume                   = {34},

  Owner                    = {tanilson},
  Timestamp                = {2017.08.23}
}

%-----------------------------------
@Article{alcon2016,
  Title                    = {On the bend number of circular-arc graphs as edge intersection graphs of paths on a grid},
  Author                   = {Liliana Alc\'on and Flavia Bonomo and Guillermo Dur\'an and Marisa Gutierrez and Mar\'ia P\'ıa Mazzoleni and Bernard Ries and Mario Valencia-Pabon},
  Journal                  = {Discrete Applied Mathematics},
  Year                     = {2016},
 Pages                    = {12-21},
  Volume                   = {234},
  Owner                    = {tanilson},
  Timestamp                = {2017.08.23}
}

%-----------------------------------
@Article{cohen2014,
  Title                    = {Characterizations of cographs as intersection graphs of paths on a grid},
  Author                   = {Elad Cohen and Martin Charles Golumbic and Bernard Ries},
  Journal                  = {Discrete Applied Mathematics},
  Year                     = {2014},
   Pages                    = {46-57},
  Volume                   = {178},

  Owner                    = {tanilson},
  Timestamp                = {2017.08.23}
}

%-----------------------------------
@Article{heldt2014,
  Title                    = {Edge-intersection graphs of grid paths: the bend-number},
  Author                   = {D. Heldt and K. Knauer and T. Ueckerdt},
  Journal                  = {Discrete Applied Mathematics},
  Year                     = {2014},
  Pages                    = {144-162},
  Volume                   = {167},

  Owner                    = {tanilson},
  Timestamp                = {2017.08.23}
}

%-----------------------------------
@ARTICLE{Asinowski2009,
  author = {Andrei Asinowski and Andrew Suk},
  title = {Edge intersection graphs of systems of paths on a grid with a bounded
	number of bends},
  journal = {Discrete Applied Math},
  year = {2009},
  volume = {157},  
  pages = {3174-3180},
  owner = {tanilson},
  timestamp = {2017.09.20}
}

%-----------------------------------
@PHDTHESIS{teles2016,
  author = {Moisés Teles Carvalho Junior},
  title = {O Número de Helly na Convexidade Geodética em Grafos},
  school = {Programa de Pós-graduação em Engenharia de Sistemas e Computação,
	COPPE, da Universidade Federal do Rio de Janeiro},
  year = {2016},
  owner = {tanilson},
  timestamp = {2017.12.05}
}

%-----------------------------------
@MASTERSTHESIS{lozada1996,
  author = {Luis Arturo P\'erez Lozada},
  title = {T\'opicos na classe dos Grafos Clique},
  school = {Instituto de Matem\'atica, Estat'istica e Ci\^encia da Computa{\c c}\~ao, UNICAMP},
  year = {1996},
  owner = {tanilson},
  timestamp = {2017.12.05}
}

%-----------------------------------
@BOOK{johnson1979,
  title = {Computers and Intractability: A Guide to the Theory of NP-Completeness},
  publisher = {W. H. Freeman {\&} Company},
  year = {1979},
  editor = {Victor Klee},
  author = {Michael R. Garey and David S. Johnson},
  owner = {tanilson},
  timestamp = {2017.12.05}
}

%-----------------------------------
@Article{dourado2009,
  Title                    = {Complexity Aspects of the {H}elly Property: Graphs and Hypergraphs},
  Author                   = {Dourado, M. C. and Protti, F. and Szwarcfiter, J. L.},
  Journal                  = {The Electronic Journal of Combinatorics},
  publisher = {Dynamic Surveys},
  Year                     = {2009},
  pages                   = {1-53},
  Volume                   = {17},

  Owner                    = {tanilson},
  Timestamp                = {2018.02.03}
}
%-----------------------------------
@Article{booth1976,
  Title                    = {Testing for the consecutive ones property, interval graphs, and graph planarity using PQ-tree algorithms},
  Author                   = {K.S. Booth and G.S. Lueker},
  Journal                  = {Journal of Computer and System Sciences},
  Year                     = {1976},
  Pages                    = {335-379},
  Volume                   = {13},

  Owner                    = {tanilson},
  Timestamp                = {2018.03.02}
}


%-----------------------------------
@Article{martin2017,
  Title                    = {On edge intersection graphs of paths with 2 bends},
  Author                   = {Martin Pergel and Pawe\l Rz{\c a}{\. z}ewski},
  Journal                  = {Discrete Applied Mathematics},
  Year                     = {2017},
  Pages                    = {106-116},
  Volume                   = {226},

  Owner                    = {tanilson},
  Timestamp                = {2018.03.02}
}

%-----------------------------------
@Article{bergeDuchet1975,
  Title                    = {A Generalization of {G}ilmore's Theorem},
  Author                   = {Berge, C. and  Duchet, P.},
  Journal                  = {Recent Advances in Graph Theory. Proceedings 2nd Czechoslovak Symposium,},
  Year                     = {1975},
  Pages                    = {49-55},

  Owner                    = {tanilson},
  Timestamp                = {2018.04.21}
}
%-----------------------------------
@Article{robertsSpencer1971,
  Title                    = {A Characterization of Clique Graphs},
  Author                   = {Roberts, F. S. and  Spencer, J. H.},
  Journal                  = {Journal of Combinatorial Theory, Ser. B},
  Year                     = {1971},
  Pages                    = {102-108},
  Volume                   = {10},

  Owner                    = {tanilson},
  Timestamp                = {2018.04.22}
}
%-----------------------------------
@Article{golumbic2013,
  Title                    = {Single bend paths on a grid have strong Helly number 4},
  Author                   = {Martin Charles Golumbic and M. Lipshteyn and M. Stern},
  Journal                  = {Networks},
  Year                     = {2013},
  Pages                    = {161--163},
  Volume                   = {62},

  Owner                    = {tanilson},
  Timestamp                = {2018.10.18}
}

%-----------------------------------
@Article{bandy1990,
  Title                    = {Stretching  a  knock-knee layout  for  multilayer  wiring},
  Author                   = {M.L.  Bandy  and  M.  Sarrafzadeh},
  Journal                  = {IEEE Transactions on Computers},
  Year                     = {1990},
  Pages                    = {148-151},
  Volume                   = {39},

  Owner                    = {tanilson},
  Timestamp                = {2018.10.24}
}
%-----------------------------------
@Article{molitor1991,
  Title                    = {A  survey  on  wiring},
  Author                   = {Paul  Molitor},
  Journal                  = {Journal of Information Processing and Cybernetics, EIK},
  Year                     = {1991},
  Pages                    = {3-19},
  Volume                   = {27},

  Owner                    = {tanilson},
  Timestamp                = {2018.10.24}
}
%-----------------------------------
%-----------------------------------
%-----------------------------------
%-----------------------------------
%-----------------------------------
%-----------------------------------
%-----------------------------------